@article{balemans1992assessment,
  title  = {Assessment of criteria for energetic effectiveness of greenhouse screens.},
  author = {Balemans, LJ},
  year   = {1992}
}

@techreport{zhuang_neural_nodate,
  title    = {Neural {Network} {Solver} for {Ordinary} {Differential} {Equations}},
  url      = {https://github.com/JiaweiZhuang/AM205_final},
  abstract = {Solving ODE by artificial neural networks.},
  author   = {Zhuang, Jiawei and Si, Xu and Zhao, Rui and Chew, Chin Hui},
  year     = {2017}
}

@article{einstein,
  author   = {Albert Einstein},
  title    = {{Zur Elektrodynamik bewegter K{\"o}rper}. ({German})
              [{On} the electrodynamics of moving bodies]},
  journal  = {Annalen der Physik},
  volume   = {322},
  number   = {10},
  pages    = {891--921},
  year     = {1905},
  doi      = {http://dx.doi.org/10.1002/andp.19053221004},
  keywords = {physics}
}

@book{dirac,
  title     = {The Principles of Quantum Mechanics},
  author    = {Paul Adrien Maurice Dirac},
  isbn      = {9780198520115},
  series    = {International series of monographs on physics},
  year      = {1981},
  publisher = {Clarendon Press},
  keywords  = {physics}
}

@online{knuthwebsite,
  author   = {Donald Knuth},
  title    = {Knuth: Computers and Typesetting},
  url      = {http://www-cs-faculty.stanford.edu/~uno/abcde.html},
  addendum = {(accessed: 01.09.2016)},
  keywords = {latex,knuth}
}

@inbook{knuth-fa,
  author    = {Donald E. Knuth},
  title     = {Fundamental Algorithms},
  publisher = {Addison-Wesley},
  year      = {1973},
  chapter   = {1.2},
  keywords  = {knuth,programming}
}
